<?xml version="1.0" encoding="UTF-8"?><collection xmlns="http://www.loc.gov/MARC21/slim"><record><leader>00411nam--2200133-i-4500</leader><controlfield tag="001">000041029</controlfield><controlfield tag="002">20161230</controlfield><controlfield tag="005">20161230201042</controlfield><controlfield tag="008">060222s1000------------r-----000-0-eng-d</controlfield><datafield ind1=" " ind2=" " tag="080"><subfield code="a">541.135.5(043)</subfield></datafield><datafield ind1=" " ind2=" " tag="100"><subfield code="a">Sculfort, Jean Lou</subfield></datafield><datafield ind1=" " ind2=" " tag="245"><subfield code="a">Comportement d`une electrode monocristalline de tellurure de zinc en solution aqueuse. these</subfield></datafield><datafield ind1=" " ind2=" " tag="260"><subfield code="a">Paris, L`Univ.De Paris Vi, 1976, 109p.+xia+3 Fig</subfield></datafield><datafield ind1=" " ind2=" " tag="852"><subfield code="a">44834</subfield></datafield></record></collection>